1998 3289
919 216 1206 248 Ranuneulaeeae.

235 337 273 369 et
313 332 350 369 in
388 331 567 382 oropedio
596 331 828 382 Neuropolis
867 332 907 368 in
939 331 1065 369 Pindo
1096 327 1272 382 dolopico
1304 331 1532 381 (Haussk.);
1578 330 1752 369 Aetolia:
1794 333 1905 370 inter·

238 389 450 427 Aetolikon
482 395 520 427 et
549 389 740 427 Neochori
772 388 959 436 (Heldr.);
1003 388 1183 426 Boeotia:
1217 388 1266 426 ad
1297 388 1424 427 lacum
1456 388 1638 439 Topolias
1670 389 1823 439 (Fraas)
1855 396 1892 427 et

238 447 276 483 in
309 446 461 485 Achaia
492 446 662 496 (Sibai).
695 470 748 474 —-
781 447 897 492 Maio,
929 446 1063 485 Junio.
1097 455 1151 499 Q.

410 504 445 542 b.
476 504 677 542 Antherae
708 503 912 555 pendulae,
944 502 1172 554 apiculatae.

350 587 387 622 4.
419 584 464 621 T.
498 583 689 630 Simplex
727 584 773 622 L.
806 584 866 623 ΡΙ.
900 584 1009 622 Suec.
1038 583 1082 621 ed
1118 586 1139 621 2
1182 598 1218 634 p.
1254 587 1354 629 1913
1398 583 1499 622 Bois.
1532 583 1592 622 ΡΙ.
1624 597 1674 622 or.
1716 583 1748 623 I.
1780 597 1816 634 p.
1850 588 1902 630 8;,

235 640 347 679 Bald.
379 642 446 680 riv.
479 641 564 680 coll.
598 641 674 680 bot.
706 641 799 680 Alb.
841 645 942 681 1896
976 655 1011 692 p.
1045 645 1080 680 6.
1115 665 1168 668 -——
1200 641 1313 679 Icon:
1347 641 1471 679 Rehb.
1503 641 1529 679 f.
1564 644 1686 680 4631.

351 698 400 736 In
445 698 654 737 fructicetis
692 706 757 737 mt.
799 699 900 737 Oeta
937 698 1162 736 Thessaliae
1200 698 1359 749 (Sprun.
1400 712 1447 736 ex
1484 698 1577 736 Bois
1617 698 1642 737 l.
1674 698 1721 749 c.)
1765 704 1802 736 et
1843 698 1892 736 ad

234 756 416 794 Kastriza
448 756 553 795 distr.
585 757 734 796 Janina
763 757 800 794 in
835 756 955 807 Epiro
987 755 1140 806 (Bald.).
1172 780 1227 783 —
1260 755 1376 802 Maio,
1407 755 1503 795 Jun.
1536 764 1590 809 21„

351 839 386 875 5.
418 837 465 874 T.
507 836 774 884 olympicum
815 837 906 874 Bois
949 843 987 873 et
1026 835 1165 874 Heldr.
1205 835 1349 886 Diagn.
1389 836 1467 875 Ser.
1512 839 1546 874 2.
1588 836 1619 874 Ι.
1668 850 1705 887 p.
1748 840 1784 876 5.
1840 860 1888 864 —

236 892 281 933 T.
314 892 455 934 mimas
486 908 519 946 y.
553 893 799 946 olympicmn
823 893 925 931 Bois.
949 893 1011 932 ΡΙ.
1038 907 1089 932 or.
1122 893 1153 932 Ι.
1184 907 1220 944 p.
1254 897 1299 939 8;
1332 893 1510 932 Haussk.
1542 893 1675 944 Symb.
1707 907 1743 944 p.
1778 897 1813 932 2.
1837 918 1890 921 —

236 950 280 991 T.
320 950 460 991 minus
500 965 530 991 ι’.
573 952 871 1003 ylcmdulosmn
903 951 1016 989 Bald.
1057 951 1124 989 riv.
1166 950 1254 989 coll.
1294 950 1371 989 bot.
1409 950 1503 989 Alb.
1546 954 1653 990 1896
1697 964 1734 1001 p.
1768 954 1803 990 6.
1837 974 1894 979 ——

232 1008 404 1047 Exsicc.:
447 1008 585 1047 Heldr.
616 1008 668 1060 pl.
710 1023 789 1047 eXS.
822 1008 883 1047 ΡΙ.
916 1007 1075 1046 Hellen.
1107 1022 1143 1047 n.
1179 1011 1306 1054 2399;
1340 1007 1454 1046 Bald.
1487 1008 1536 1047 It.
1568 1007 1661 1046 Alb.
1694 1008 1800 1058 Epir.
1827 1008 1892 1046 IV

234 1080 272 1104 n.
308 1070 399 1105 125.

348 1135 397 1173 In
430 1135 602 1185 diagnosi
646 1141 820 1173 autorum
863 1135 1070 1173 decribitur
1111 1135 1256 1185 species
1288 1134 1486 1185 pedicellis
1525 1134 1688 1173 floribus
1721 1135 1893 1173 stamini-

236 1192 386 1243 busque
426 1193 629 1243 porrectis,
671 1206 767 1243 quos
807 1192 1046 1230 characteres
1090 1198 1217 1229 autem
1259 1192 1467 1242 specimina
1513 1192 1736 1230 authentica
1781 1206 1903 1243 aegre<

233 1250 515 1289 demonstrant.

347 1308 394 1345 In
436 1308 576 1358 pinetis
618 1313 682 1345 mt.
715 1306 875 1357 Olympi
919 1307 957 1344 in
994 1320 1070 1356 reg.
1111 1305 1283 1356 alpinam
1316 1307 1569 1353 adscendens,
1609 1308 1645 1344 in
1677 1313 1744 1345 mt.
1778 1305 1902 1352 Oeta„

232 1378 302 1403 nec
333 1378 411 1403 non
444 1366 482 1402 in
515 1371 580 1403 mt.
613 1365 806 1402 Parnasso
838 1364 1016 1413 (Heldr.),
1056 1364 1094 1400 in
1130 1370 1194 1402 mt.
1227 1364 1353 1402 Pindo
1385 1378 1501 1415 supra
1532 1370 1696 1402 monast.
1730 1363 1891 1402 Korona

232 1422 459 1469 (Haussk.);
492 1423 654 1473 Epirus:
687 1428 752 1460 mt.
787 1420 944 1460 Gamila
975 1421 1079 1459 distr.
1112 1422 1300 1471 Zagorion
1322 1421 1475 1471 (Bam).
1528 1421 1785 1459 Probabiliter
1815 1421 1902 1459 huc-

232 1480 396 1530 pertinet
429 1479 473 1519 T.
506 1478 647 1519 ‘minus
678 1479 716 1518 S.
757 1486 794 1517 et
824 1479 903 1517 Sm.
942 1479 1003 1517 Pr.
1044 1479 1073 1516 Ι.
1118 1492 1152 1529 p.
1187 1482 1268 1518 378
1309 1482 1344 1527 (e
1376 1479 1566 1529 Laconia)
1607 1485 1645 1517 et.
1675 1479 1797 1517 Fraas
1830 1478 1901 1517 ΡΙ..

232 1536 344 1576 class.
376 1551 413 1588 p.
450 1541 526 1577 131
562 1540 597 1586 (e
628 1544 693 1576 mt.
724 1536 1010 1587 Tymphresto).
1043 1559 1095 1563 ——
1128 1536 1246 1582 Juli0,
1280 1536 1385 1587 Sept.
1421 1545 1477 1590 Q.

679 1674 720 1712 3.
753 1672 1024 1712 Anemone
1056 1674 1102 1712 L.
1137 1672 1235 1712 Gen.
1269 1688 1305 1712 n.
1337 1676 1434 1713 694.

351 1759 385 1794 1.
419 1754 556 1794 Sectio.
590 1752 899 1805 El'ioceplml'ess
930 1753 1062 1791 Hook.
1095 1754 1306 1792 etThoms.
1339 1753 1401 1792 ΡΙ.
1424 1753 1511 1791 Ind.
1544 1753 1576 1793 I.
1607 1767 1644 1804 p.
1679 1757 1744 1794 20.
1798 1754 1900 1792 Car*

231 1811 335 1862 pella
375 1812 466 1849 lana
507 1812 628 1849 densa
668 1811 861 1855 involuta,
913 1810 1015 1862 stylo
1057 1811 1240 1849 subulato
1282 1812 1388 1849 nudo
1435 1811 1591 1849 tandem
1636 1811 1889 1849 marcescenti

231 1875 424 1920 superata.

403 1941 435 1965 a.
468 1926 580 1964 Folia
611 1926 792 1964 radicalia
824 1926 1057 1972 conformia,
1096 1926 1401 1973 biternatiseeta,
1435 1927 1642 1977 segmentis
1674 1926 1898 1966 multifidis„

474 1983 610 2022 Flores
643 1998 720 2022 non
753 1984 859 2022 flavi.

350 2069 383 2103 1.
416 2063 467 2102 A.
500 2064 736 2102 coronaria
769 2065 815 2104 L.
848 2065 916 2115 Sp.
949 2078 985 2115 p.
1022 2068 1120 2109 539;
1165 2064 1202 2103 S.
1241 2069 1279 2102 et
1309 2065 1387 2103 8111.
1420 2065 1482 2103 Pr.
1515 2065 1546 2103 Ι.
1578 2078 1614 2115 p.
1648 2067 1747 2111 375;
1781 2064 1883 2105 Sieb.

230 2123 331 2161 Avis
362 2137 398 2173 p.
432 2127 468 2169 4,
501 2136 591 2161 rem.
623 2136 659 2173 p.
692 2126 735 2167 4;
769 2122 839 2161 Ch.
871 2129 908 2159 et
940 2122 981 2160 B.
1004 2122 1108 2172 Exp.
1140 2136 1177 2172 p.
1213 2125 1304 2168 133,
1338 2121 1397 2161 ΡΙ.
1420 2122 1552 2173 Pelop.
1584 2136 1620 2173 p.
1655 2126 1727 2167 34;
1760 2122 1891 2172 Marg.

229 2187 267 2218 et
297 2180 343 2218 R.
375 2179 439 2219 ΡΙ.
473 2180 595 2217 Zante
627 2194 664 2230 p.
700 2184 769 2225 253
803 2179 948 2219 Friedr.
983 2179 1096 2217 Reise
1128 2193 1163 2229 p.
1200 2183 1298 2225 26&
1331 2179 1453 2218 Fraas
1482 2179 1545 2218 ΡΙ.
1577 2179 1690 2218 class.
1722 2193 1761 2230 p.
1792 2182 1886 2225 130;

230 2237 350 2276 Clem.
373 2237 470 2277 Sert.
504 2251 540 2288 p.
574 2242 617 2283 6;
650 2237 764 2275 Raul.
789 2237 890 2275 Cret.
924 2250 959 2287 p.
994 2240 1095 2282 6993
1127 2236 1232 2275 Bois
1267 2236 1327 2275 ΡΙ.
1358 2251 1412 2277 or.
1446 2237 1476 2276 Ι.
1508 2251 1544 2288 p.
1582 2241 1652 2283 11;
1684 2236 1824 2275 Weiss.
1846 2237 1888 2274 in

229 2309 260 2334 z.
288 2295 324 2334 b.
348 2294 397 2334 G.
425 2298 530 2334 1869
563 2309 599 2345 p.
625 2298 698 2340 50;
731 2294 890 2345 Spreitz.
921 2295 959 2331 in
992 2308 1020 2332 Ζ.
1054 2293 1089 2332 b.
1113 2294 1162 2332 G.
1200 2298 1305 2334 1887
1338 2308 1374 2345 p.
1409 2298 1507 2341 6543
1540 2293 1716 2333 Haussk.
1748 2293 1884 2345 Symb.

229 2366 264 2403 p.
300 2356 341 2398 23
373 2351 513 2390 Heldr.
545 2351 606 2390 ΡΙ.
639 2352 779 2402 Aegin.
810 2366 846 2402 p.
881 2355 972 2390 231.
1005 2375 1057 2379 ψ
1091 2352 1206 2390 Icon:
1239 2352 1301 2390 ΡΙ.
1332 2365 1387 2402 gr.
1420 2357 1445 2390 t.
1480 2355 1573 2391 514.

345 2409 500 2460 Species
547 2409 675 2460 quoad
706 2408 871 2447 colorem
917 2415 954 2447 et-
985 2409 1290 2460 magnitudinem
1335 2408 1478 2447 florum
1520 2408 1634 2447 valde
1677 2407 1883 2446 variiabilisz

230 2466 324 2505 Vidi
356 2466 394 2504 in
422 2467 623 2504 exsiccatis
655 2473 874 2517 sequentes:

344 2549 382 2575 α.
416 2535 466 2573 Α.
509 2534 716 2573 coccinea
758 2535 867 2575 Jord.
909 2535 1053 2585 Diagn.
1099 2549 1134 2585 p.
1183 2538 1247 2573 57.
1284 2558 1339 2563 —-—
1388 2534 1561 2573 Exsicc.:
1599 2533 1786 2573 Reverch.
1824 2533 1889 2572 Pl.

230 2599 319 2631 eret.
352 2607 390 2633 n.
427 2596 528 2639 20&
562 2592 700 2630 Heldr.
732 2592 784 2643 pl.
817 2591 906 2630 hell.
939 2605 971 2631 a.
1013 2595 1116 2632 1876
1150 2598 1187 2629 et
1221 2595 1342 2632 1878.

341 2666 379 2714 β.
416 2661 466 2699 A.
507 2672 676 2709 cyanea
716 2661 832 2699 Risso
873 2660 933 2700 ΡΙ.
978 2660 1064 2698 Nic.
1108 2674 1144 2710 p.
1193 2664 1228 2699 7.
1275 2683 1328 2688 —-
1368 2660 1539 2700 Exsicc.:
1584 2660 1772 2700 Reverch.
1820 2659 1882 2698 Pl.

228 2726 315 2758 cret.
348 2733 386 2758 n.
425 2723 466 2765 1;
499 2718 639 2757 Heldr.
672 2718 725 2769 pl.
757 2718 847 2756 hell.
880 2732 959 2757 exs.
994 2731 1028 2756 a.
1066 2721 1185 2757 1876.

255 2835 258 2837 .
343 2800 376 2840 γ.
410 2787 463 2826 A.
504 2798 635 2826 rosea
676 2787 818 2838 Hanry
868 2787 929 2825 Pr.
971 2787 1074 2825 Hist.
1126 2792 1205 2825 nat.
1247 2786 1340 2825 Var.
1390 2800 1428 2837 p.
1474 2790 1563 2826 143.
1606 2809 1658 2813 —
1707 2785 1891 2823 Exsicc.:.

230 2845 371 2884 Heldr.
402 2845 508 2884 herb.
540 2859 593 2895 gr.
626 2858 746 2883 norm.
778 2858 815 2882 n.
852 2847 972 2884 1301.

342 2913 376 2954 ὁ.
410 2913 461 2952 A.
503 2912 708 2952 albissora
750 2913 864 2963 Rouy
902 2919 939 2950 et
975 2912 1009 2950 F
1013 2926 1095 2951 ouc.
1135 2911 1203 2952 Fl..
1238 2913 1301 2951 Fr..
1344 2912 1374 2951 L
1415 2926 1453 2963 p.
1493 2915 1559 2952 46.
1611 2934 1661 2939 —-
1706 2911 1891 2949 Exsicc.:·.

227 2971 366 3010 Heldr.
397 2985 477 3011 exs.
511 2984 544 3010 a.
579 2974 699 3011 1874.
